@article{milnor_infinite_cyclic,
  author={{John. W. Milnor}},
  year={1967},
  title={Infinite Cyclic Coverings}
}

@article{ruchy_zorientowane,
  author={{Michael Polyak}},
  year={2010},
  title={Minimal generating set of Reidemeister moves},
  url={https://web.archive.org/web/20120712155258id_/http://www2.math.technion.ac.il/~polyak/publ/reidemeister.pdf}
}
